@online{fig:fraunhoferlinien,
  title = {Fraunhofer lines DE},
  author = {Cepheiden},
  url = {https://commons.wikimedia.org/wiki/File:Fraunhofer_lines_DE.svg},
  keywords = {image}
}

@online{symmetrical_stretching,
  title           = {Symmetrical stretching},
  author          = {Tiago Becerra Paolini},
  url             = {https://commons.wikimedia.org/wiki/File:Symmetrical_stretching.gif},
  addendum        = {(Aufgerufen: 06. 11. 2020)},
  keywords        = {image},
}

@online{scissoring,
  title           = {Scissoring},
  author          = {Tiago Becerra Paolini},
  url             = {https://commons.wikimedia.org/wiki/File:Scissoring.gif},
  addendum        = {(Aufgerufen: 06. 11. 2020)},
  keywords        = {image},
}

@online{asymmetrical_stretching,
  title           = {Asymmetrical stretching},
  author          = {Tiago Becerra Paolini},
  url             = {https://commons.wikimedia.org/wiki/File:Asymmetrical_stretching.gif},
  addendum        = {(Aufgerufen: 06. 11. 2020)},
  keywords        = {image},
}

@online{water_absorption_graph,
  title           = {John Bertie's Download Site - Spectra},
  author          = {John Bertie},
  url             = {https://sites.ualberta.ca/~jbertie/JBDownload.HTM},
  addendum        = {(Aufgerufen: 06. 11. 2020)},
  keywords        = {image},
}