@online{TODO,
  title           = {Literaturangabe benötigt},
  keywords        = {literatur}
}

@article{fraunhofer_entdeckung,
  author          = {Joseph Fraunhofer},
  title           = {Bestimmung des Brechungs- und des Farbenzerstreungs-Vermögens verschiedener Glasarten, in Bezug auf die Vervollkommnung achromatischer Fernröhre},
  journal         = {Annalen der Physik},
  volume          = {56},
  number          = {7},
  year            = {1817},
  pages           = {264–313},
  keywords        = {literatur}
}

@article{interferenz_grundsatz,
  author          = {Wymke Ockenga},
  title           = {Phase Contrast},
  journal         = {Leica Science Lab},
  url             = {https://www.leica-microsystems.com/science-lab/phase-contrast/},
  year            = {2011},
  month           = {jun},
  keywords        = {literatur}
}